<?xml version="1.0" encoding="UTF-8"?>
  <record xmlns="http://www.loc.gov/MARC21/slim" type="Authority">
    <leader>00000nz  a2200000nc 4500</leader>
    <controlfield tag="001">116590467</controlfield>
    <controlfield tag="003">DE-101</controlfield>
    <controlfield tag="005">20161216221701.0</controlfield>
    <controlfield tag="008">960306n||azznnaabn           | aaa    |c</controlfield>
    <datafield tag="024" ind1="7" ind2=" ">
      <subfield code="a">116590467</subfield>
      <subfield code="0">http://d-nb.info/gnd/116590467</subfield>
      <subfield code="2">gnd</subfield>
    </datafield>
    <datafield tag="035" ind1=" " ind2=" ">
      <subfield code="a">(DE-101)116590467</subfield>
    </datafield>
    <datafield tag="035" ind1=" " ind2=" ">
      <subfield code="a">(DE-588)116590467</subfield>
    </datafield>
    <datafield tag="035" ind1=" " ind2=" ">
      <subfield code="z">(DE-588)175475024</subfield>
    </datafield>
    <datafield tag="035" ind1=" " ind2=" ">
      <subfield code="z">(DE-588a)175475024</subfield>
      <subfield code="9">v:zg</subfield>
    </datafield>
    <datafield tag="035" ind1=" " ind2=" ">
      <subfield code="z">(DE-588)142915149</subfield>
    </datafield>
    <datafield tag="035" ind1=" " ind2=" ">
      <subfield code="z">(DE-588a)142915149</subfield>
      <subfield code="9">v:zg</subfield>
    </datafield>
    <datafield tag="035" ind1=" " ind2=" ">
      <subfield code="z">(DE-588)142904732</subfield>
    </datafield>
    <datafield tag="035" ind1=" " ind2=" ">
      <subfield code="z">(DE-588a)142904732</subfield>
      <subfield code="9">v:zg</subfield>
    </datafield>
    <datafield tag="035" ind1=" " ind2=" ">
      <subfield code="z">(DE-588a)101488939</subfield>
    </datafield>
    <datafield tag="035" ind1=" " ind2=" ">
      <subfield code="z">(DE-588a)116590467</subfield>
      <subfield code="9">v:zg</subfield>
    </datafield>
    <datafield tag="035" ind1=" " ind2=" ">
      <subfield code="z">(DE-588c)4685171-9</subfield>
      <subfield code="9">v:zg</subfield>
    </datafield>
    <datafield tag="040" ind1=" " ind2=" ">
      <subfield code="a">DE-611</subfield>
      <subfield code="c">DE-611</subfield>
      <subfield code="9">r:DE-611</subfield>
      <subfield code="b">ger</subfield>
      <subfield code="d">9999</subfield>
    </datafield>
    <datafield tag="042" ind1=" " ind2=" ">
      <subfield code="a">gnd1</subfield>
    </datafield>
    <datafield tag="043" ind1=" " ind2=" ">
      <subfield code="c">XA-DE</subfield>
      <subfield code="c">XA-AT</subfield>
    </datafield>
    <datafield tag="065" ind1=" " ind2=" ">
      <subfield code="a">16.5p</subfield>
      <subfield code="2">sswd</subfield>
    </datafield>
    <datafield tag="075" ind1=" " ind2=" ">
      <subfield code="b">p</subfield>
      <subfield code="2">gndgen</subfield>
    </datafield>
    <datafield tag="075" ind1=" " ind2=" ">
      <subfield code="b">piz</subfield>
      <subfield code="2">gndspec</subfield>
    </datafield>
    <datafield tag="079" ind1=" " ind2=" ">
      <subfield code="a">g</subfield>
      <subfield code="q">a</subfield>
      <subfield code="q">f</subfield>
      <subfield code="q">z</subfield>
      <subfield code="q">s</subfield>
      <subfield code="q">h</subfield>
      <subfield code="u">k</subfield>
      <subfield code="u">w</subfield>
      <subfield code="u">o</subfield>
    </datafield>
    <datafield tag="100" ind1="1" ind2=" ">
      <subfield code="a">Windhag, Joachim &#152;von&#156;</subfield>
      <subfield code="d">1600-1678</subfield>
    </datafield>
    <datafield tag="375" ind1=" " ind2=" ">
      <subfield code="a">1</subfield>
      <subfield code="2">iso5218</subfield>
    </datafield>
    <datafield tag="400" ind1="1" ind2=" ">
      <subfield code="a">Windhag, Joachim &#152;ab&#156;</subfield>
      <subfield code="d">1600-1678</subfield>
    </datafield>
    <datafield tag="400" ind1="1" ind2=" ">
      <subfield code="a">Windhaag, Joachimus &#152;ab et in&#156;</subfield>
      <subfield code="d">1600-1678</subfield>
    </datafield>
    <datafield tag="400" ind1="1" ind2=" ">
      <subfield code="a">Windhag, Joachimus &#152;ab et in&#156;</subfield>
      <subfield code="d">1600-1678</subfield>
    </datafield>
    <datafield tag="400" ind1="1" ind2=" ">
      <subfield code="a">Enzmillner, Joachim</subfield>
      <subfield code="d">1600-1678</subfield>
    </datafield>
    <datafield tag="400" ind1="1" ind2=" ">
      <subfield code="a">Enzmillner von Windhag, Joachim</subfield>
      <subfield code="d">1600-1678</subfield>
    </datafield>
    <datafield tag="400" ind1="1" ind2=" ">
      <subfield code="a">Enzmillner von Windhaag, Joachim</subfield>
      <subfield code="d">1600-1678</subfield>
    </datafield>
    <datafield tag="400" ind1="1" ind2=" ">
      <subfield code="a">Enzmilner, Joachim</subfield>
      <subfield code="d">1600-1678</subfield>
      <subfield code="9">v:Wikipedia</subfield>
    </datafield>
    <datafield tag="400" ind1="1" ind2=" ">
      <subfield code="a">Enzmiller, Joachim</subfield>
      <subfield code="d">1600-1678</subfield>
    </datafield>
    <datafield tag="400" ind1="1" ind2=" ">
      <subfield code="a">Enzmilner, Johann Joachim</subfield>
      <subfield code="d">1600-1678</subfield>
      <subfield code="9">v:Wikipedia</subfield>
    </datafield>
    <datafield tag="400" ind1="1" ind2=" ">
      <subfield code="a">Entzmülnero, Gioachimo</subfield>
      <subfield code="d">1600-1678</subfield>
    </datafield>
    <datafield tag="400" ind1="1" ind2=" ">
      <subfield code="a">Entzmülnero di &amp; a Kirberg, Gioachimo</subfield>
      <subfield code="d">1600-1678</subfield>
    </datafield>
    <datafield tag="400" ind1="1" ind2=" ">
      <subfield code="a">Entzmüllner, Joachim</subfield>
      <subfield code="d">1600-1678</subfield>
    </datafield>
    <datafield tag="400" ind1="1" ind2=" ">
      <subfield code="a">Entzmüller, Johann Joachim</subfield>
      <subfield code="d">1600-1678</subfield>
    </datafield>
    <datafield tag="400" ind1="1" ind2=" ">
      <subfield code="a">Entzmüller, Joachim</subfield>
      <subfield code="d">1600-1678</subfield>
    </datafield>
    <datafield tag="400" ind1="1" ind2=" ">
      <subfield code="a">Entzmüllner von und zu Kirberg, Joachim</subfield>
      <subfield code="d">1600-1678</subfield>
    </datafield>
    <datafield tag="400" ind1="1" ind2=" ">
      <subfield code="a">Entzmülner, Joachim</subfield>
      <subfield code="d">1600-1678</subfield>
    </datafield>
    <datafield tag="400" ind1="1" ind2=" ">
      <subfield code="a">Enzmülner, Joachim</subfield>
      <subfield code="d">1600-1678</subfield>
    </datafield>
    <datafield tag="400" ind1="1" ind2=" ">
      <subfield code="a">Windhag, Johann Joachim &#152;von und zu&#156;</subfield>
      <subfield code="d">1600-1678</subfield>
    </datafield>
    <datafield tag="400" ind1="1" ind2=" ">
      <subfield code="a">Windhag, Johann Joachim &#152;von&#156;</subfield>
      <subfield code="d">1600-1678</subfield>
    </datafield>
    <datafield tag="400" ind1="1" ind2=" ">
      <subfield code="a">Windhag, Joannes Joachimus &#152;ab et in&#156;</subfield>
      <subfield code="d">1600-1678</subfield>
    </datafield>
    <datafield tag="400" ind1="1" ind2=" ">
      <subfield code="a">Windhag, Johannes Joachimus &#152;ab et in&#156;</subfield>
      <subfield code="d">1600-1678</subfield>
    </datafield>
    <datafield tag="400" ind1="1" ind2=" ">
      <subfield code="a">Windhaag, Johann Joachim &#152;von und zu&#156;</subfield>
      <subfield code="d">1600-1678</subfield>
    </datafield>
    <datafield tag="400" ind1="1" ind2=" ">
      <subfield code="a">Windhaag, Johann Joachim &#152;von&#156;</subfield>
      <subfield code="d">1600-1678</subfield>
    </datafield>
    <datafield tag="400" ind1="1" ind2=" ">
      <subfield code="a">Windhaag, Joachim &#152;von&#156;</subfield>
      <subfield code="d">1600-1678</subfield>
    </datafield>
    <datafield tag="400" ind1="1" ind2=" ">
      <subfield code="a">Windhag, Johann Joachim Entzmüller &#152;von und zu&#156;</subfield>
      <subfield code="d">1600-1678</subfield>
    </datafield>
    <datafield tag="400" ind1="1" ind2=" ">
      <subfield code="a">Enzmiller von Windhaag, Joachim</subfield>
      <subfield code="d">1600-1678</subfield>
      <subfield code="9">v:falsche Namensform</subfield>
    </datafield>
    <datafield tag="400" ind1="1" ind2=" ">
      <subfield code="a">Windhaag, Joachim E.</subfield>
      <subfield code="d">1600-1678</subfield>
    </datafield>
    <datafield tag="400" ind1="1" ind2=" ">
      <subfield code="a">Windhag, Joachim &#152;von&#156;</subfield>
      <subfield code="c">Graf, Jurist</subfield>
      <subfield code="d">1600-1678</subfield>
    </datafield>
    <datafield tag="400" ind1="1" ind2=" ">
      <subfield code="9">L:fre</subfield>
      <subfield code="a">Windhag, Joachim &#152;von&#156;</subfield>
      <subfield code="c">Comte, Juriste</subfield>
      <subfield code="d">1600-1678</subfield>
      <subfield code="5">CH-GND</subfield>
    </datafield>
    <datafield tag="400" ind1="1" ind2=" ">
      <subfield code="9">L:eng</subfield>
      <subfield code="a">Windhag, Joachim &#152;von&#156;</subfield>
      <subfield code="c">Count, Lawyer</subfield>
      <subfield code="d">1600-1678</subfield>
      <subfield code="5">CH-GND</subfield>
    </datafield>
    <datafield tag="400" ind1="1" ind2=" ">
      <subfield code="a">Windhag, Joachim ab</subfield>
      <subfield code="c">Graf, Jurist</subfield>
      <subfield code="d">1600-1678</subfield>
    </datafield>
    <datafield tag="400" ind1="1" ind2=" ">
      <subfield code="a">Windhag, Joachim ab</subfield>
      <subfield code="c">Comte, Juriste</subfield>
      <subfield code="d">1600-1678</subfield>
    </datafield>
    <datafield tag="400" ind1="1" ind2=" ">
      <subfield code="a">Windhag, Joachim ab</subfield>
      <subfield code="c">Count, Lawyer</subfield>
      <subfield code="d">1600-1678</subfield>
    </datafield>
    <datafield tag="400" ind1="1" ind2=" ">
      <subfield code="a">Windhaag, Joachimus ab et in</subfield>
      <subfield code="c">Graf, Jurist</subfield>
      <subfield code="d">1600-1678</subfield>
    </datafield>
    <datafield tag="400" ind1="1" ind2=" ">
      <subfield code="a">Windhaag, Joachimus ab et in</subfield>
      <subfield code="c">Comte, Juriste</subfield>
      <subfield code="d">1600-1678</subfield>
    </datafield>
    <datafield tag="400" ind1="1" ind2=" ">
      <subfield code="a">Windhaag, Joachimus ab et in</subfield>
      <subfield code="c">Count, Lawyer</subfield>
      <subfield code="d">1600-1678</subfield>
    </datafield>
    <datafield tag="400" ind1="1" ind2=" ">
      <subfield code="a">Windhag, Joachimus ab et in</subfield>
      <subfield code="c">Graf, Jurist</subfield>
      <subfield code="d">1600-1678</subfield>
    </datafield>
    <datafield tag="400" ind1="1" ind2=" ">
      <subfield code="a">Windhag, Joachimus ab et in</subfield>
      <subfield code="c">Comte, Juriste</subfield>
      <subfield code="d">1600-1678</subfield>
    </datafield>
    <datafield tag="400" ind1="1" ind2=" ">
      <subfield code="a">Windhag, Joachimus ab et in</subfield>
      <subfield code="c">Count, Lawyer</subfield>
      <subfield code="d">1600-1678</subfield>
    </datafield>
    <datafield tag="400" ind1="1" ind2=" ">
      <subfield code="a">Enzmillner, Joachim</subfield>
      <subfield code="c">Graf, Jurist</subfield>
      <subfield code="d">1600-1678</subfield>
    </datafield>
    <datafield tag="400" ind1="1" ind2=" ">
      <subfield code="a">Enzmillner, Joachim</subfield>
      <subfield code="c">Comte, Juriste</subfield>
      <subfield code="d">1600-1678</subfield>
    </datafield>
    <datafield tag="400" ind1="1" ind2=" ">
      <subfield code="a">Enzmillner, Joachim</subfield>
      <subfield code="c">Count, Lawyer</subfield>
      <subfield code="d">1600-1678</subfield>
    </datafield>
    <datafield tag="400" ind1="1" ind2=" ">
      <subfield code="a">Enzmillner von Windhag, Joachim</subfield>
      <subfield code="c">Graf, Jurist</subfield>
      <subfield code="d">1600-1678</subfield>
    </datafield>
    <datafield tag="400" ind1="1" ind2=" ">
      <subfield code="a">Enzmillner von Windhag, Joachim</subfield>
      <subfield code="c">Comte, Juriste</subfield>
      <subfield code="d">1600-1678</subfield>
    </datafield>
    <datafield tag="400" ind1="1" ind2=" ">
      <subfield code="a">Enzmillner von Windhag, Joachim</subfield>
      <subfield code="c">Count, Lawyer</subfield>
      <subfield code="d">1600-1678</subfield>
    </datafield>
    <datafield tag="400" ind1="1" ind2=" ">
      <subfield code="a">Enzmillner von Windhaag, Joachim</subfield>
      <subfield code="c">Graf, Jurist</subfield>
      <subfield code="d">1600-1678</subfield>
    </datafield>
    <datafield tag="400" ind1="1" ind2=" ">
      <subfield code="a">Enzmillner von Windhaag, Joachim</subfield>
      <subfield code="c">Comte, Juriste</subfield>
      <subfield code="d">1600-1678</subfield>
    </datafield>
    <datafield tag="400" ind1="1" ind2=" ">
      <subfield code="a">Enzmillner von Windhaag, Joachim</subfield>
      <subfield code="c">Count, Lawyer</subfield>
      <subfield code="d">1600-1678</subfield>
    </datafield>
    <datafield tag="400" ind1="1" ind2=" ">
      <subfield code="a">Enzmilner, Joachim</subfield>
      <subfield code="c">Graf, Jurist</subfield>
      <subfield code="d">1600-1678</subfield>
    </datafield>
    <datafield tag="400" ind1="1" ind2=" ">
      <subfield code="a">Enzmilner, Joachim</subfield>
      <subfield code="c">Comte, Juriste</subfield>
      <subfield code="d">1600-1678</subfield>
    </datafield>
    <datafield tag="400" ind1="1" ind2=" ">
      <subfield code="a">Enzmilner, Joachim</subfield>
      <subfield code="c">Count, Lawyer</subfield>
      <subfield code="d">1600-1678</subfield>
    </datafield>
    <datafield tag="400" ind1="1" ind2=" ">
      <subfield code="a">Enzmilner, Johann Joachim</subfield>
      <subfield code="c">Graf, Jurist</subfield>
      <subfield code="d">1600-1678</subfield>
    </datafield>
    <datafield tag="400" ind1="1" ind2=" ">
      <subfield code="a">Enzmilner, Johann Joachim</subfield>
      <subfield code="c">Comte, Juriste</subfield>
      <subfield code="d">1600-1678</subfield>
    </datafield>
    <datafield tag="400" ind1="1" ind2=" ">
      <subfield code="a">Enzmilner, Johann Joachim</subfield>
      <subfield code="c">Count, Lawyer</subfield>
      <subfield code="d">1600-1678</subfield>
    </datafield>
    <datafield tag="400" ind1="1" ind2=" ">
      <subfield code="a">Entzmülnero, Gioachimo</subfield>
      <subfield code="c">Graf, Jurist</subfield>
      <subfield code="d">1600-1678</subfield>
    </datafield>
    <datafield tag="400" ind1="1" ind2=" ">
      <subfield code="a">Entzmülnero, Gioachimo</subfield>
      <subfield code="c">Comte, Juriste</subfield>
      <subfield code="d">1600-1678</subfield>
    </datafield>
    <datafield tag="400" ind1="1" ind2=" ">
      <subfield code="a">Entzmülnero, Gioachimo</subfield>
      <subfield code="c">Count, Lawyer</subfield>
      <subfield code="d">1600-1678</subfield>
    </datafield>
    <datafield tag="400" ind1="1" ind2=" ">
      <subfield code="a">Entzmülnero di &amp; a Kirberg, Gioachimo</subfield>
      <subfield code="c">Graf, Jurist</subfield>
      <subfield code="d">1600-1678</subfield>
    </datafield>
    <datafield tag="400" ind1="1" ind2=" ">
      <subfield code="a">Entzmülnero di &amp; a Kirberg, Gioachimo</subfield>
      <subfield code="c">Comte, Juriste</subfield>
      <subfield code="d">1600-1678</subfield>
    </datafield>
    <datafield tag="400" ind1="1" ind2=" ">
      <subfield code="a">Entzmülnero di &amp; a Kirberg, Gioachimo</subfield>
      <subfield code="c">Count, Lawyer</subfield>
      <subfield code="d">1600-1678</subfield>
    </datafield>
    <datafield tag="400" ind1="1" ind2=" ">
      <subfield code="a">Entzmüllner, Joachim</subfield>
      <subfield code="c">Graf, Jurist</subfield>
      <subfield code="d">1600-1678</subfield>
    </datafield>
    <datafield tag="400" ind1="1" ind2=" ">
      <subfield code="a">Entzmüllner, Joachim</subfield>
      <subfield code="c">Comte, Juriste</subfield>
      <subfield code="d">1600-1678</subfield>
    </datafield>
    <datafield tag="400" ind1="1" ind2=" ">
      <subfield code="a">Entzmüllner, Joachim</subfield>
      <subfield code="c">Count, Lawyer</subfield>
      <subfield code="d">1600-1678</subfield>
    </datafield>
    <datafield tag="400" ind1="1" ind2=" ">
      <subfield code="a">Entzmüllner von und zu Kirberg, Joachim</subfield>
      <subfield code="c">Graf, Jurist</subfield>
      <subfield code="d">1600-1678</subfield>
    </datafield>
    <datafield tag="400" ind1="1" ind2=" ">
      <subfield code="a">Entzmüllner von und zu Kirberg, Joachim</subfield>
      <subfield code="c">Comte, Juriste</subfield>
      <subfield code="d">1600-1678</subfield>
    </datafield>
    <datafield tag="400" ind1="1" ind2=" ">
      <subfield code="a">Entzmüllner von und zu Kirberg, Joachim</subfield>
      <subfield code="c">Count, Lawyer</subfield>
      <subfield code="d">1600-1678</subfield>
    </datafield>
    <datafield tag="400" ind1="1" ind2=" ">
      <subfield code="a">Entzmülner, Joachim</subfield>
      <subfield code="c">Graf, Jurist</subfield>
      <subfield code="d">1600-1678</subfield>
    </datafield>
    <datafield tag="400" ind1="1" ind2=" ">
      <subfield code="a">Entzmülner, Joachim</subfield>
      <subfield code="c">Comte, Juriste</subfield>
      <subfield code="d">1600-1678</subfield>
    </datafield>
    <datafield tag="400" ind1="1" ind2=" ">
      <subfield code="a">Entzmülner, Joachim</subfield>
      <subfield code="c">Count, Lawyer</subfield>
      <subfield code="d">1600-1678</subfield>
    </datafield>
    <datafield tag="400" ind1="1" ind2=" ">
      <subfield code="a">Enzmülner, Joachim</subfield>
      <subfield code="c">Graf, Jurist</subfield>
      <subfield code="d">1600-1678</subfield>
    </datafield>
    <datafield tag="400" ind1="1" ind2=" ">
      <subfield code="a">Enzmülner, Joachim</subfield>
      <subfield code="c">Comte, Juriste</subfield>
      <subfield code="d">1600-1678</subfield>
    </datafield>
    <datafield tag="400" ind1="1" ind2=" ">
      <subfield code="a">Enzmülner, Joachim</subfield>
      <subfield code="c">Count, Lawyer</subfield>
      <subfield code="d">1600-1678</subfield>
    </datafield>
    <datafield tag="400" ind1="1" ind2=" ">
      <subfield code="a">Entzmüller, Johann Joachim</subfield>
      <subfield code="c">Graf, Jurist</subfield>
      <subfield code="d">1600-1678</subfield>
    </datafield>
    <datafield tag="400" ind1="1" ind2=" ">
      <subfield code="a">Entzmüller, Johann Joachim</subfield>
      <subfield code="c">Comte, Juriste</subfield>
      <subfield code="d">1600-1678</subfield>
    </datafield>
    <datafield tag="400" ind1="1" ind2=" ">
      <subfield code="a">Entzmüller, Johann Joachim</subfield>
      <subfield code="c">Count, Lawyer</subfield>
      <subfield code="d">1600-1678</subfield>
    </datafield>
    <datafield tag="400" ind1="1" ind2=" ">
      <subfield code="a">Windhag, Johann Joachim Entzmüller &#152;von und zu&#156;</subfield>
      <subfield code="c">Graf, Jurist</subfield>
      <subfield code="d">1600-1678</subfield>
    </datafield>
    <datafield tag="400" ind1="1" ind2=" ">
      <subfield code="a">Windhag, Johann Joachim Entzmüller &#152;von und zu&#156;</subfield>
      <subfield code="c">Comte, Juriste</subfield>
      <subfield code="d">1600-1678</subfield>
    </datafield>
    <datafield tag="400" ind1="1" ind2=" ">
      <subfield code="a">Windhag, Johann Joachim Entzmüller &#152;von und zu&#156;</subfield>
      <subfield code="c">Count, Lawyer</subfield>
      <subfield code="d">1600-1678</subfield>
    </datafield>
    <datafield tag="500" ind1="1" ind2=" ">
      <subfield code="0">(DE-101)139617965</subfield>
      <subfield code="0">(DE-588)139617965</subfield>
      <subfield code="0">https://d-nb.info/gnd/139617965</subfield>
      <subfield code="a">Windhag, Eva Magdalena Franziska &#152;von&#156;</subfield>
      <subfield code="d">1620-1700</subfield>
      <subfield code="4">bezf</subfield>
      <subfield code="4">https://d-nb.info/standards/elementset/gnd#familialRelationship</subfield>
      <subfield code="w">r</subfield>
      <subfield code="i">Beziehung familiaer</subfield>
      <subfield code="e">Beziehung familiaer</subfield>
      <subfield code="9">v:Tochter</subfield>
    </datafield>
    <datafield tag="548" ind1=" " ind2=" ">
      <subfield code="a">21.02.1600-21.05.1678</subfield>
      <subfield code="4">datx</subfield>
      <subfield code="4">https://d-nb.info/standards/elementset/gnd#dateOfBirthAndDeath</subfield>
      <subfield code="w">r</subfield>
      <subfield code="i">Exakte Lebensdaten</subfield>
    </datafield>
    <datafield tag="548" ind1=" " ind2=" ">
      <subfield code="a">1600-1678</subfield>
      <subfield code="4">datl</subfield>
      <subfield code="4">https://d-nb.info/standards/elementset/gnd#dateOfBirthAndDeath</subfield>
      <subfield code="w">r</subfield>
      <subfield code="i">Lebensdaten</subfield>
      <subfield code="9">v:anderslt. Todesjahr 1675</subfield>
    </datafield>
    <datafield tag="550" ind1=" " ind2=" ">
      <subfield code="0">(DE-101)040290506</subfield>
      <subfield code="0">(DE-588)4029050-5</subfield>
      <subfield code="0">https://d-nb.info/gnd/4029050-5</subfield>
      <subfield code="a">Jurist</subfield>
      <subfield code="4">berc</subfield>
      <subfield code="4">https://d-nb.info/standards/elementset/gnd#professionOrOccupation</subfield>
      <subfield code="w">r</subfield>
      <subfield code="i">Charakteristischer Beruf</subfield>
    </datafield>
    <datafield tag="550" ind1=" " ind2=" ">
      <subfield code="0">(DE-101)040465179</subfield>
      <subfield code="0">(DE-588)4046517-2</subfield>
      <subfield code="0">https://d-nb.info/gnd/4046517-2</subfield>
      <subfield code="a">Politiker</subfield>
      <subfield code="4">beru</subfield>
      <subfield code="4">https://d-nb.info/standards/elementset/gnd#professionOrOccupation</subfield>
      <subfield code="w">r</subfield>
      <subfield code="i">Beruf</subfield>
    </datafield>
    <datafield tag="550" ind1=" " ind2=" ">
      <subfield code="0">(DE-101)041452453</subfield>
      <subfield code="0">(DE-588)4145245-8</subfield>
      <subfield code="0">https://d-nb.info/gnd/4145245-8</subfield>
      <subfield code="a">Bibliophiler</subfield>
      <subfield code="4">beru</subfield>
      <subfield code="4">https://d-nb.info/standards/elementset/gnd#professionOrOccupation</subfield>
      <subfield code="w">r</subfield>
      <subfield code="i">Beruf</subfield>
    </datafield>
    <datafield tag="550" ind1=" " ind2=" ">
      <subfield code="0">(DE-101)040457907</subfield>
      <subfield code="0">(DE-588)4045790-4</subfield>
      <subfield code="0">https://d-nb.info/gnd/4045790-4</subfield>
      <subfield code="a">Philosoph</subfield>
      <subfield code="4">beru</subfield>
      <subfield code="4">https://d-nb.info/standards/elementset/gnd#professionOrOccupation</subfield>
      <subfield code="w">r</subfield>
      <subfield code="i">Beruf</subfield>
    </datafield>
    <datafield tag="550" ind1=" " ind2=" ">
      <subfield code="a">Graf</subfield>
      <subfield code="4">adel</subfield>
      <subfield code="4">https://d-nb.info/standards/elementset/gnd#titleOfNobility</subfield>
      <subfield code="w">r</subfield>
      <subfield code="i">Adelstitel</subfield>
    </datafield>
    <datafield tag="550" ind1=" " ind2=" ">
      <subfield code="0">(DE-101)040217787</subfield>
      <subfield code="0">(DE-588)4021778-4</subfield>
      <subfield code="0">https://d-nb.info/gnd/4021778-4</subfield>
      <subfield code="a">Graf</subfield>
      <subfield code="4">adel</subfield>
      <subfield code="4">https://d-nb.info/standards/elementset/gnd#titleOfNobility</subfield>
      <subfield code="w">r</subfield>
      <subfield code="i">Adelstitel</subfield>
    </datafield>
    <datafield tag="551" ind1=" " ind2=" ">
      <subfield code="0">(DE-101)040861864</subfield>
      <subfield code="0">(DE-588)4086186-7</subfield>
      <subfield code="0">https://d-nb.info/gnd/4086186-7</subfield>
      <subfield code="a">Babenhausen</subfield>
      <subfield code="g">Unterallgäu</subfield>
      <subfield code="4">ortg</subfield>
      <subfield code="4">https://d-nb.info/standards/elementset/gnd#placeOfBirth</subfield>
      <subfield code="w">r</subfield>
      <subfield code="i">Geburtsort</subfield>
    </datafield>
    <datafield tag="551" ind1=" " ind2=" ">
      <subfield code="0">(DE-101)954939069</subfield>
      <subfield code="0">(DE-588)4520664-8</subfield>
      <subfield code="0">https://d-nb.info/gnd/4520664-8</subfield>
      <subfield code="a">Windhaag bei Perg</subfield>
      <subfield code="4">orts</subfield>
      <subfield code="4">https://d-nb.info/standards/elementset/gnd#placeOfDeath</subfield>
      <subfield code="w">r</subfield>
      <subfield code="i">Sterbeort</subfield>
    </datafield>
    <datafield tag="551" ind1=" " ind2=" ">
      <subfield code="0">(DE-101)954939069</subfield>
      <subfield code="0">(DE-588)4520664-8</subfield>
      <subfield code="0">https://d-nb.info/gnd/4520664-8</subfield>
      <subfield code="a">Windhaag bei Perg</subfield>
      <subfield code="4">ortw</subfield>
      <subfield code="4">https://d-nb.info/standards/elementset/gnd#placeOfActivity</subfield>
      <subfield code="w">r</subfield>
      <subfield code="i">Wirkungsort</subfield>
    </datafield>
    <datafield tag="667" ind1=" " ind2=" ">
      <subfield code="a">DBSM</subfield>
    </datafield>
    <datafield tag="667" ind1=" " ind2=" ">
      <subfield code="a">12</subfield>
    </datafield>
    <datafield tag="667" ind1=" " ind2=" ">
      <subfield code="a">7</subfield>
    </datafield>
    <datafield tag="667" ind1=" " ind2=" ">
      <subfield code="a">VD-17</subfield>
    </datafield>
    <datafield tag="667" ind1=" " ind2=" ">
      <subfield code="a">VD-18</subfield>
    </datafield>
    <datafield tag="670" ind1=" " ind2=" ">
      <subfield code="a">Gutenberg-Jahrb. 84 (2009)</subfield>
    </datafield>
    <datafield tag="670" ind1=" " ind2=" ">
      <subfield code="a">DbA III 997,315-316</subfield>
    </datafield>
    <datafield tag="670" ind1=" " ind2=" ">
      <subfield code="a">PND</subfield>
    </datafield>
    <datafield tag="670" ind1=" " ind2=" ">
      <subfield code="a">Wikipedia</subfield>
      <subfield code="u">http://de.wikipedia.org/wiki/Joachim%5FEnzmilner$bStand: 21.05.2013</subfield>
    </datafield>
    <datafield tag="672" ind1=" " ind2="0">
      <subfield code="a">Medulla Sacrarum precationum. - 1661</subfield>
    </datafield>
    <datafield tag="672" ind1=" " ind2="0">
      <subfield code="a">Bibliotheca Windhagiana. - 1733</subfield>
    </datafield>
    <datafield tag="672" ind1=" " ind2="0">
      <subfield code="a">Topographia Windhagiana. - 1656</subfield>
    </datafield>
    <datafield tag="913" ind1=" " ind2=" ">
      <subfield code="S">pnd</subfield>
      <subfield code="i">a</subfield>
      <subfield code="a">Windhag, Joachim /von</subfield>
      <subfield code="0">(DE-588a)116590467</subfield>
    </datafield>
    <datafield tag="913" ind1=" " ind2=" ">
      <subfield code="S">pnd</subfield>
      <subfield code="i">a</subfield>
      <subfield code="a">Windhag, Johann Joachim /von und zu</subfield>
      <subfield code="0">(DE-588a)142904732</subfield>
    </datafield>
    <datafield tag="913" ind1=" " ind2=" ">
      <subfield code="S">pnd</subfield>
      <subfield code="i">a</subfield>
      <subfield code="a">Entzmüller, Johann Joachim</subfield>
      <subfield code="0">(DE-588a)142915149</subfield>
    </datafield>
    <datafield tag="913" ind1=" " ind2=" ">
      <subfield code="S">pnd</subfield>
      <subfield code="i">a</subfield>
      <subfield code="a">ENZMILLER VON WINDHAAG, JOACHIM</subfield>
      <subfield code="0">(DE-588a)175475024</subfield>
    </datafield>
  </record>
